@book{knuth1979tex,
  title={TEX and METAFONT: New directions in typesetting},
  author={Knuth, Donald Ervin},
  year={1979},
  publisher={American Mathematical Society}
}

@book{lamport1994latex,
  title={LATEX: a document preparation system: user's guide and reference manual},
  author={Lamport, Leslie},
  year={1994},
  publisher={Addison-Wesley}
}

@book{glasman2010science,
  title={Science research writing for non-native speakers of English},
  author={Glasman-Deal, Hilary},
  year={2010},
  publisher={World Scientific}
}

@book{sparling1989english,
  title={English or Czenglish? Jak se vyhnout čechismům v angličtině},
  author={Sparling, Don},
  year={1989},
  publisher={Státní pedagogické nakladatelství}
}

@book{tufte1990envisioning,
  title={Envisioning information},
  author={Tufte, Edward R and Goeler, Nora Hillman and Benson, Richard},
  year={1990},
  publisher={Graphics press Cheshire, CT}
}

@book{tufte1983visual,
  title={Visual display of quantitative information},
  author={Tufte, Edward R},
  year={1983},
  publisher={Graphics press Cheshire, CT}
}

@book{wilke2019fundamentals,
  title={Fundamentals of Data Visualization},
  author={Wilke, Claus O},
  year={2019},
  publisher={O'Reilly Media, Inc.},
  url={https://clauswilke.com/dataviz/},
  isbn={9781492031086}
}

@techreport{tantau2015tikz,
  title={The TikZ and PGF Packages (Manual for version 3.1.8b)},
  author={Tantau, Till},
  year={2020},
  institution={Institut f{\"u}r Theoretische Informatik Universit{\"a}t zu L{\"u}beck},
  url={http://mirrors.ctan.org/graphics/pgf/base/doc/pgfmanual.pdf}
}

@Article{nimier2019mitsuba,
  author    = {Nimier-David, Merlin and Vicini, Delio and Zeltner, Tizian and Jakob, Wenzel},
  journal   = {ACM Transactions on Graphics (TOG)},
  title     = {Mitsuba 2: A retargetable forward and inverse renderer},
  year      = {2019},
  number    = {6},
  pages     = {1--17},
  volume    = {38},
  groups    = {Ray Tracing},
  publisher = {ACM New York, NY, USA},
}

@Article{wald2014embree,
  author    = {Wald, Ingo and Woop, Sven and Benthin, Carsten and Johnson, Gregory S and Ernst, Manfred},
  journal   = {ACM Transactions on Graphics (TOG)},
  title     = {Embree: a kernel framework for efficient CPU ray tracing},
  year      = {2014},
  number    = {4},
  pages     = {1--8},
  volume    = {33},
  groups    = {Embree},
  publisher = {ACM New York, NY, USA},
}
